<?xml version="1.0" encoding="UTF-8"?>
<marc:collection xmlns:marc="http://www.loc.gov/MARC21/slim" xmlns:xsi="http://www.w3.org/2001/XMLSchema-instance" xsi:schemaLocation="http://www.loc.gov/MARC21/slim http://www.loc.gov/standards/marcxml/schema/MARC21slim.xsd">
   <marc:record type="Bibliographic">
      <marc:leader>01222cam a2200289   4500</marc:leader>
      <marc:controlfield tag="001">2406612</marc:controlfield>
      <marc:controlfield tag="003">NjP</marc:controlfield>
      <marc:controlfield tag="005">20100809180817.0</marc:controlfield>
      <marc:controlfield tag="008">850711m19001983mr       b   f001 0carar </marc:controlfield>
      <marc:datafield tag="024" ind1="7" ind2=" ">
         <marc:subfield code="a">princeton_aco000693</marc:subfield>
         <marc:subfield code="2">local</marc:subfield>
      </marc:datafield>
      <marc:datafield tag="010" ind1=" " ind2=" ">
         <marc:subfield code="a">   72215606 /NE/r912 </marc:subfield>
      </marc:datafield>
      <marc:datafield tag="035" ind1=" " ind2=" ">
         <marc:subfield code="a">(OCoLC)ocm11023768</marc:subfield>
      </marc:datafield>
      <marc:datafield tag="035" ind1=" " ind2=" ">
         <marc:subfield code="9">CLF9462TS</marc:subfield>
      </marc:datafield>
      <marc:datafield tag="040" ind1=" " ind2=" ">
         <marc:subfield code="a">DLC</marc:subfield>
         <marc:subfield code="c">DLC</marc:subfield>
         <marc:subfield code="d">PUL</marc:subfield>
      </marc:datafield>
      <marc:datafield tag="043" ind1=" " ind2=" ">
         <marc:subfield code="a">aw-----</marc:subfield>
         <marc:subfield code="a">ff-----</marc:subfield>
      </marc:datafield>
      <marc:datafield tag="050" ind1="0" ind2="0">
         <marc:subfield code="a">BP70</marc:subfield>
         <marc:subfield code="b">.I92</marc:subfield>
      </marc:datafield>
      <marc:datafield tag="100" ind1="0" ind2=" ">
         <marc:subfield code="a">ʻIyāḍ ibn Mūsá,</marc:subfield>
         <marc:subfield code="d">1083-1149.</marc:subfield>
      </marc:datafield>
      <marc:datafield tag="245" ind1="1" ind2="0">
         <marc:subfield code="a">Tartīb al-madārik wa-taqrīb al-masālik li-maʻrifat aʻlām madhab Mālik,</marc:subfield>
         <marc:subfield code="b">taʾlīf ʻIyāḍ ibn Mūsá ibn ʻIyāḍ al-Sabtī.</marc:subfield>
      </marc:datafield>
      <marc:datafield tag="260" ind1=" " ind2=" ">
         <marc:subfield code="a">al-Ribāṭ :</marc:subfield>
         <marc:subfield code="b">Wizārat al-Awqāf wa-al-Shuʾūn al-Islāmīyah</marc:subfield>
         <marc:subfield code="c">&lt;1966?   &gt;-1983.</marc:subfield>
      </marc:datafield>
      <marc:datafield tag="300" ind1=" " ind2=" ">
         <marc:subfield code="a">v. &lt;2-3, 5-8   &gt;</marc:subfield>
         <marc:subfield code="c">27 cm.</marc:subfield>
      </marc:datafield>
      <marc:datafield tag="500" ind1=" " ind2=" ">
         <marc:subfield code="a">Vol. 5 edited by Muḥammad ibn Sharīfah.</marc:subfield>
      </marc:datafield>
      <marc:datafield tag="500" ind1=" " ind2=" ">
         <marc:subfield code="a">Vols. 7-8 edited by Saʻīd Aḥmad Aʻrāb.</marc:subfield>
      </marc:datafield>
      <marc:datafield tag="504" ind1=" " ind2=" ">
         <marc:subfield code="a">Includes bibliographies and indexes.</marc:subfield>
      </marc:datafield>
      <marc:datafield tag="650" ind1=" " ind2="0">
         <marc:subfield code="a">Malikites</marc:subfield>
         <marc:subfield code="v">Biography</marc:subfield>
         <marc:subfield code="v">Early works to 1800.</marc:subfield>
      </marc:datafield>
      <marc:datafield tag="650" ind1=" " ind2="0">
         <marc:subfield code="a">Muslims</marc:subfield>
         <marc:subfield code="z">Islamic Empire</marc:subfield>
         <marc:subfield code="v">Biography</marc:subfield>
         <marc:subfield code="v">Early works to 1800.</marc:subfield>
      </marc:datafield>
      <marc:datafield tag="650" ind1=" " ind2="0">
         <marc:subfield code="a">Islamic law</marc:subfield>
         <marc:subfield code="z">Islamic Empire</marc:subfield>
         <marc:subfield code="v">Biography</marc:subfield>
         <marc:subfield code="v">Early works to 1800.</marc:subfield>
      </marc:datafield>
      <marc:datafield tag="852" ind1="0" ind2=" ">
         <marc:subfield code="b">nec</marc:subfield>
         <marc:subfield code="h">BP70</marc:subfield>
         <marc:subfield code="i">.I92 1966</marc:subfield>
         <marc:subfield code="p">2702217</marc:subfield>
         <marc:subfield code="x">reclassed from: 2276.9485.389.1965</marc:subfield>
      </marc:datafield>
      <marc:datafield tag="945" ind1=" " ind2=" ">
         <marc:subfield code="a">F</marc:subfield>
         <marc:subfield code="b">1</marc:subfield>
         <marc:subfield code="c">2276.9485.389.1965</marc:subfield>
         <marc:subfield code="e">juzʾ 1-5</marc:subfield>
      </marc:datafield>
      <marc:datafield tag="911" ind1=" " ind2=" ">
         <marc:subfield code="a">19990709</marc:subfield>
      </marc:datafield>
   </marc:record>
</marc:collection>
